<?xml version="1.0" encoding="UTF-8"?><OAI-PMH xsi:schemaLocation="http://www.openarchives.org/OAI/2.0/ http://www.openarchives.org/OAI/2.0/OAI-PMH.xsd" xmlns="http://www.openarchives.org/OAI/2.0/" xmlns:xsi="http://www.w3.org/2001/XMLSchema-instance">
  <responseDate>2021-01-28T18:55:29Z</responseDate>
  <request verb="GetRecord" metadataPrefix="marc21" set="blacklight4">https://na03.alma.exlibrisgroup.com/view/oai/01GALI_EMORY/request</request>
<GetRecord><record><header status="deleted"><identifier>oai:alma.01GALI_EMORY:990000954720302486</identifier><datestamp>2021-01-28T18:48:00Z</datestamp><setSpec>ejournals</setSpec><setSpec>blacklight4</setSpec><setSpec>blacklight</setSpec></header><metadata>
<record xmlns="http://www.loc.gov/MARC21/slim" xmlns:xsi="http://www.w3.org/2001/XMLSchema-instance" xsi:schemaLocation="http://www.loc.gov/MARC21/slim http://www.loc.gov/standards/marcxml/schema/MARC21slim.xsd" ><leader>02309cas a2200577 a 4500</leader><controlfield tag="005">20160418203128.0</controlfield><controlfield tag="008">820430a19759999dcu x    s   f0    0eng d</controlfield><controlfield tag="001">990000954720302486</controlfield><datafield tag="010" ind1=" " ind2=" "><subfield code="a">sn 92023721</subfield></datafield><datafield tag="035" ind1=" " ind2=" "><subfield code="a">(Aleph)000565167EMU01</subfield></datafield><datafield tag="035" ind1="9" ind2=" "><subfield code="a">u2686589</subfield></datafield><datafield tag="035" ind1=" " ind2=" "><subfield code="a">ocm08383036</subfield></datafield><datafield tag="040" ind1=" " ind2=" "><subfield code="a">GPO</subfield><subfield code="c">GPO</subfield><subfield code="d">GPO</subfield><subfield code="d">NST</subfield><subfield code="d">IUL</subfield><subfield code="d">GPO</subfield><subfield code="d">IUL</subfield><subfield code="d">GPO</subfield><subfield code="d">MvI</subfield><subfield code="d">UtOrBLW</subfield></datafield><datafield tag="042" ind1=" " ind2=" "><subfield code="a">lcd</subfield></datafield><datafield tag="043" ind1=" " ind2=" "><subfield code="a">n-us---</subfield></datafield><datafield tag="049" ind1=" " ind2=" "><subfield code="a">EMU#</subfield></datafield><datafield tag="074" ind1=" " ind2=" "><subfield code="a">0015 (MF)</subfield></datafield><datafield tag="086" ind1="0" ind2=" "><subfield code="a">A 1.34:</subfield></datafield><datafield tag="086" ind1="0" ind2=" "><subfield code="a">A 92.18/7-3:</subfield></datafield><datafield tag="245" ind1="0" ind2="0"><subfield code="a">Hogs and pigs final estimates for ...</subfield></datafield><datafield tag="246" ind1="1" ind2="3"><subfield code="a">Hogs and pigs, revised estimates by states</subfield><subfield code="f">&lt;1983-87-&gt;</subfield></datafield><datafield tag="264" ind1=" " ind2="1"><subfield code="a">Washington, D.C. :</subfield><subfield code="b">U.S. Dept. of Agriculture, Economics and Statistics Service, Crop Reporting Board,</subfield><subfield code="c">1977-</subfield></datafield><datafield tag="310" ind1=" " ind2=" "><subfield code="a">Irregular</subfield></datafield><datafield tag="336" ind1=" " ind2=" "><subfield code="a">text</subfield><subfield code="b">txt</subfield><subfield code="2">rdacontent</subfield></datafield><datafield tag="337" ind1=" " ind2=" "><subfield code="a">unmediated</subfield><subfield code="b">n</subfield><subfield code="2">rdamedia</subfield></datafield><datafield tag="338" ind1=" " ind2=" "><subfield code="a">volume</subfield><subfield code="b">nc</subfield><subfield code="2">rdacarrier</subfield></datafield><datafield tag="362" ind1="1" ind2=" "><subfield code="a">Began with 1970/1975.</subfield></datafield><datafield tag="490" ind1="1" ind2=" "><subfield code="a">Statistical bulletin</subfield></datafield><datafield tag="500" ind1=" " ind2=" "><subfield code="a">Description based on: 1970/1975; title from cover.</subfield></datafield><datafield tag="500" ind1=" " ind2=" "><subfield code="a">Latest issue consulted: 2003/2007.</subfield></datafield><datafield tag="500" ind1=" " ind2=" "><subfield code="a">Format not distributed to depository libraries.</subfield></datafield><datafield tag="515" ind1=" " ind2=" "><subfield code="a">Report coverage varies.</subfield></datafield><datafield tag="530" ind1=" " ind2=" "><subfield code="a">Vols. for &lt;1979-82-&gt; distributed to depository libraries in microfiche.</subfield></datafield><datafield tag="550" ind1=" " ind2=" "><subfield code="a">Vols. for 1983-87- by: U.S. Dept. of Agriculture, National Agricultural Statistics Service, Agricultural Statistics Board.</subfield></datafield><datafield tag="580" ind1=" " ind2=" "><subfield code="a">A revision of estimates contained in: Hogs and pigs (Washington, D.C.).</subfield></datafield><datafield tag="650" ind1=" " ind2="0"><subfield code="a">Swine</subfield><subfield code="z">United States</subfield><subfield code="v">Statistics</subfield><subfield code="v">Periodicals.</subfield><subfield code="0">(uri) http://id.loc.gov/authorities/subjects/sh85131235</subfield></datafield><datafield tag="650" ind1=" " ind2="0"><subfield code="a">Swine</subfield><subfield code="x">Breeding</subfield><subfield code="z">United States</subfield><subfield code="v">Statistics</subfield><subfield code="v">Periodicals.</subfield><subfield code="0">(uri) http://id.loc.gov/authorities/subjects/sh85131235</subfield></datafield><datafield tag="776" ind1="1" ind2=" "><subfield code="t">Hogs and pigs, final estimates (Online)</subfield><subfield code="w">(DLC) 2003232466</subfield><subfield code="w">(OCoLC)53925833</subfield></datafield><datafield tag="780" ind1="0" ind2="0"><subfield code="t">Hogs and pigs revised estimates</subfield><subfield code="w">(DLC) 2008238832</subfield><subfield code="w">(OCoLC)213860876</subfield></datafield><datafield tag="787" ind1="1" ind2=" "><subfield code="t">Hogs and pigs (Washington, D.C.)</subfield><subfield code="w">(DLC)sf 85019265</subfield><subfield code="w">(OCoLC)2572120</subfield></datafield><datafield tag="710" ind1="1" ind2=" "><subfield code="a">United States.</subfield><subfield code="b">Crop Reporting Board.</subfield><subfield code="0">(uri) http://id.loc.gov/authorities/names/n80039710</subfield><subfield code="0">(uri) http://viaf.org/viaf/sourceID/LC|n80039710</subfield></datafield><datafield tag="710" ind1="1" ind2=" "><subfield code="a">United States.</subfield><subfield code="b">Agricultural Statistics Board.</subfield><subfield code="0">(uri) http://id.loc.gov/authorities/names/n85343208</subfield><subfield code="0">(uri) http://viaf.org/viaf/sourceID/LC|n85343208</subfield></datafield><datafield tag="830" ind1=" " ind2="0"><subfield code="a">Statistical bulletin (United States. Department of Agriculture)</subfield><subfield code="0">(uri) http://id.loc.gov/authorities/names/n42023327</subfield><subfield code="0">(uri) http://viaf.org/viaf/sourceID/LC|n42023327</subfield></datafield><datafield tag="850" ind1=" " ind2=" "><subfield code="a">InLP</subfield></datafield><datafield tag="856" ind1="4" ind2="1"><subfield code="u">http://purl.access.gpo.gov/GPO/LPS3814</subfield></datafield><datafield tag="910" ind1=" " ind2=" "><subfield code="a">RDA ENRICHED</subfield></datafield><datafield tag="910" ind1=" " ind2=" "><subfield code="a">MARS</subfield></datafield><datafield tag="940" ind1=" " ind2=" "><subfield code="a">MARCIVE</subfield></datafield><datafield tag="945" ind1=" " ind2=" "><subfield code="a">9DT</subfield><subfield code="2">20110306</subfield></datafield><datafield tag="949" ind1=" " ind2=" "><subfield code="h">emugdfiche</subfield></datafield><datafield tag="999" ind1=" " ind2=" "><subfield code="b">marc21</subfield><subfield code="a">false</subfield></datafield><datafield tag="998" ind1=" " ind2=" "><subfield code="a">53297051930002486</subfield><subfield code="b">JOURNAL</subfield><subfield code="8">53297051930002486</subfield></datafield></record>
</metadata></record></GetRecord></OAI-PMH>